%%
% 参考文献
% 参考文献是毕业设计(论文)不可缺少的组成部分,它反映毕业设计(论文)的取材来源、材料的广博程度和材料的可靠程度,也是作者对他人知识成果的承认和尊重。一份完整的参考文献可向读者提供一份有价值的信息资料,列入的文献应在 10 篇以上,其中外文文献在 2 篇以上。
%%

@article{bipolar,
  title={ROBUST ZEBRA-CROSSING DETECTION USING BIPOLARITY AND PROJECTIVE INVARIANT},
  author={Mohammad Shorif Uddin and Tadayoshi Shioyama},
  journal={IEEE Proceeding of The 8th International Symposium on Signal Processing and its Applications},
  pages={571--574},
  year={2005},
  publisher={IEEE}
}
@article{ipm,
  title={一种基于改良逆投影变换的道路斑马线识别方法},
  author={王一丁徐超},
  booktitle={北方工业大学学报},
  pages={31--35},
  year={2013}
}
@article{segmentation,
  title={Efficient Graph-Based Image Segmentation},
  author={Pedro F. Felzenszwalb, Daniel P. Huttenlocher},
  booktitle={International Journal of Computer Vision},
  pages={59--167.},
  year={2004}
}

